<?xml version="1.0" encoding="UTF-8"?><collection><record><leader>08558ntm a2200781 a 4500</leader><controlfield tag="001">006813652</controlfield><controlfield tag="003">MiAaHDL</controlfield><controlfield tag="005">20190719000000.0</controlfield><controlfield tag="006">m        d        </controlfield><controlfield tag="007">cr bn ---auaua</controlfield><controlfield tag="008">090606s1431    sy            00| ||ara d</controlfield><datafield tag="035" ind1=" " ind2=" "><subfield code="a">(MiU)006813652</subfield></datafield><datafield tag="035" ind1=" " ind2=" "><subfield code="a">sdr-miu006813652</subfield></datafield><datafield tag="040" ind1=" " ind2=" "><subfield code="a">MiU</subfield><subfield code="c">MiU</subfield><subfield code="e">amremm</subfield></datafield><datafield tag="043" ind1=" " ind2=" "><subfield code="a">n-us-mi</subfield></datafield><datafield tag="100" ind1="1" ind2=" "><subfield code="6">880-01</subfield><subfield code="a">Jurjānī, ʻAbd al-Qāhir ibn ʻAbd al-Raḥmān,</subfield><subfield code="d">-1078?</subfield></datafield><datafield tag="245" ind1="1" ind2="3"><subfield code="6">880-03</subfield><subfield code="a">[al-ʻAwāmil al-miʻah maʻa al-ʻUnqūd maʻa Sharḥ al-ʻUnqūd,</subfield><subfield code="f">834, i.e. 1431].</subfield></datafield><datafield tag="246" ind1="3" ind2=" "><subfield code="i">Edge title (tail):</subfield><subfield code="a">شرح العوامل</subfield></datafield><datafield tag="246" ind1="3" ind2=" "><subfield code="i">Title from inscription on opening leaf (p.1):</subfield><subfield code="a">شرح العوامل والارجوزة</subfield></datafield><datafield tag="260" ind1=" " ind2=" "><subfield code="a">[Damascus?,</subfield><subfield code="c">1431].</subfield></datafield><datafield tag="300" ind1=" " ind2=" "><subfield code="a">93 leaves :</subfield><subfield code="b">paper ;</subfield><subfield code="c">140 x 100 (95 x 57) mm.</subfield></datafield><datafield tag="500" ind1=" " ind2=" "><subfield code="a">Shelfmark: Ann Arbor, University of Michigan, Special Collections Library, Isl. Ms. 626</subfield></datafield><datafield tag="500" ind1=" " ind2=" "><subfield code="a">Origin: As appears in colophons on p.23, 42, and 185 copied for himself ("ʻallaqahā li-nafsih") by Abū Bakr ibn Aḥmad ibn Ibrāhīm ibn Muḥammad ibn Ismāʻīl Ibn al-Ṣārim (ابو بكر بن احمد بن ابراهيم بن محمد بن اسماعيل ابن الصارم) with transcription of the poem [al-ʻUnqūd] completed 4 Rajab 834 [ca. 18 March 1431] and transcription of the poem and its commentary completed 14 Shaʻbān 834 [ca. 27 April 1431]. A notice for the copyist appears on p.186, identifying him as a merchant (tājir) of Sūq Jaqmaq and indicating that he was born in 807 [1404 or 5], died 14 Jumādá II 888 [ca. 20 July 1483], and was buried in Bāb al-Ṣaghīr in Damascus.</subfield></datafield><datafield tag="500" ind1=" " ind2=" "><subfield code="a">Accompanying materials: a. Acquisitions slip from Yahuda. -- b. Inventory cataloguing slip in hand of Winifred Smeaton Thomas.</subfield></datafield><datafield tag="500" ind1=" " ind2=" "><subfield code="a">Former shelfmark: From recto of opening leaf (p.1) and spine label, "IL 209" (likely supplied by Yahuda, see acquisitions slip).</subfield></datafield><datafield tag="500" ind1=" " ind2=" "><subfield code="a">Binding: Pasteboards covered in dark brown leather ; Type II binding (with flap, though envelope flap now missing, only fore edge flap remains) ; doublures and interior of foreedge flap in brown leather with block-stamped vegetal composition (arabesque) ; upper and lower covers carry exquisite blind-tooled strapwork design with gold-tooled accents covering the entire panel, bordered rules outlining a series of s-shaped stamps and centered on a twelve-pointed star filled with a repeated rectangular pattern formed of a small lozenge-shaped stamp ; the same pattern fills the cornerpieces and elsewhere a small triangular stamp has been used to form the effect of a more detailed interlace pattern ; sewn in cream thread, two stations ; endbands virtually gone ; overall in poor condition with upper cover fully detached, fore edge flap detaching, envelope flap lost, significant abrasion, lifting and losses of leather (particularly at spine), some delamination of boards, staining, wax drips on lower doublure, etc. ; housed in box for protection.</subfield></datafield><datafield tag="500" ind1=" " ind2=" "><subfield code="a">Support: non-European (likely Arab) laid paper with roughly 8 laid lines per cm running horizontally (visible though often quite faint) and chain lines running vertically in groups of three (or groups of three and two) with 9-11 mm. between chains and roughly 42-50 mm. between groups ; stiff and thick though crisp, well-burnished, fairly smooth, dark cream with some inclusions.</subfield></datafield><datafield tag="500" ind1=" " ind2=" "><subfield code="a">Decoration: Keywords, section headings, some vocalization, and text being commented upon rubricated ; textual dividers in the form of inverted commas (three or six) in red.</subfield></datafield><datafield tag="500" ind1=" " ind2=" "><subfield code="a">Script: Naskh ; clear though angular Syrian hand in a thin to medium line ; partially seriffed with right-sloping head-serifs appearing mainly on free-standing alif and occasional initial lām, hooked serif on shaqq of kāf, effect of tilt to the right, many open counters, pointing in distinct dots, ihmāl sign on in the form of v-sign on letter sīn ; more compact and of thinner line in Sharḥ al-ʻUnqūd ; some passages vocalized, mainly text of al-ʻUnqūd.</subfield></datafield><datafield tag="500" ind1=" " ind2=" "><subfield code="a">Layout: Written in 11-12 lines per page ; hemistiches of al-ʻUnqūd in lines alternately justified to the right and left ; frame-ruled.</subfield></datafield><datafield tag="500" ind1=" " ind2=" "><subfield code="a">Collation: III-1 (5), 8 V(85), III+2 (93) ; chiefly quinions ; catchwords present ; pagination in pencil, Western numerals, supplied during digitization ; paginated with central bifolium of final quire lifted out and placed at end of textblock, hence mistaken pagination (i.e. p.178 is followed by 183, 184, 185, 186, 179, etc.) reflected in digitial object.</subfield></datafield><datafield tag="500" ind1=" " ind2=" "><subfield code="a">Title supplied by cataloguer.</subfield></datafield><datafield tag="500" ind1=" " ind2=" "><subfield code="a">Ms. codex.</subfield></datafield><datafield tag="505" ind1="0" ind2=" "><subfield code="a">8. p.186 : [notice for the copyist, Abū Bakr ibn Aḥmad ibn Ibrāhīm Ibn al-Ṣārim].</subfield></datafield><datafield tag="505" ind1="0" ind2=" "><subfield code="a">7. p.183-p.185 : [continuation of Sharḥ al-ʻUnqūd fī naẓm al-ʻuqūd].</subfield></datafield><datafield tag="505" ind1="0" ind2=" "><subfield code="a">6. p.179-p.182 : [birth and death notices].</subfield></datafield><datafield tag="505" ind1="0" ind2=" "><subfield code="a">5. p.44-p.185 : [Sharḥ al-ʻUnqūd fī naẓm al-ʻuqūd].</subfield></datafield><datafield tag="505" ind1="0" ind2=" "><subfield code="a">4. p.43 : [originally left blank, now carries birth notice, reading/study statement, etc.].</subfield></datafield><datafield tag="505" ind1="0" ind2=" "><subfield code="a">3. p.24-p.42 : [al-ʻUnqūd fī al-naẓm al-ʻuqūd] / Shams al-Dīn Muḥammad ibn ʻAbd Allāh al-Mawṣalī al-Khalīlī.</subfield></datafield><datafield tag="505" ind1="0" ind2=" "><subfield code="a">2. p.12-p.23 : [al-ʻAwāmil al-miʻah, or Miʻat ʻāmil] / ʻAbd al-Qāhir ibn ʻAbd al-Raḥmān al-Jurjānī.</subfield></datafield><datafield tag="505" ind1="0" ind2=" "><subfield code="a">1. p.1-p.11 : [poetic excerpt followed by an extensive listing of birth and death notices].</subfield></datafield><datafield tag="510" ind1="3" ind2=" "><subfield code="a">Bosch, Carswell, &amp; Petherbridge. Islamic Bindings and Bookmaking (1981).</subfield></datafield><datafield tag="510" ind1="4" ind2=" "><subfield code="a">Ḥājjī Khalīfah. Kashf al-ẓunūn (ed. Fluegel),</subfield><subfield code="c">vi 270 (no. 8377)</subfield></datafield><datafield tag="510" ind1="4" ind2=" "><subfield code="a">Ḥājjī Khalīfah. Kashf al-ẓunūn (ed. Fluegel),</subfield><subfield code="c">iv 278, no. 8419</subfield></datafield><datafield tag="510" ind1="4" ind2=" "><subfield code="a">Brockelmann, C. GAL,</subfield><subfield code="c">I 287 ; S II 200 1a</subfield></datafield><datafield tag="520" ind1="8" ind2=" "><subfield code="a">Clear copy of al-ʻAwāmil al-miʼah [Miʼat ʻāmil], ʻAbd al-Qādir al-Jurjānī's (d. 1078?) popular manual of Arabic grammar, followed by al-ʻUnqūd, the metrical treatise (urjūzah) on Arabic grammar by Shams al-Dīn Muḥammad ibn ʻAbd Allāh al-Mawṣalī al-Khalīlī (d. 1334 or 5), followed by an anonymous commentary. A large number of birth and death notices are included throughout the codex.</subfield></datafield><datafield tag="538" ind1=" " ind2=" "><subfield code="a">Mode of access: Internet.</subfield></datafield><datafield tag="541" ind1=" " ind2=" "><subfield code="a">Acquired in 1926 from the bookseller Isaac Benjamin S.E. Yahuda via purchase transacted on his behalf by his younger brother, the famous Orientalist and manuscript collector Abraham Shalom Yahuda (1877-1951).</subfield></datafield><datafield tag="546" ind1=" " ind2=" "><subfield code="a">Arabic.</subfield></datafield><datafield tag="561" ind1=" " ind2=" "><subfield code="a">Numerous birth and death notices, mainly from the family of the copyist, on upper doublure, opening and final leaves, etc. ; numerous collation notes ("بلغ مقابلة" etc.) and marks ; ownership statements (p.23 and p.185) and reading/study statements (p.43 and lower doublure) dated 1079 [1668 or 9] in name of Taqī al-Dīn al-Ḥiṣnī al-Ḥusaynī al-Shāfʻī (تقي الدين الحصني الحسيني الشافعي) who received the book from his mother's father, Zayn al-ʻĀbidīn ibn Sirāj al-Dīn (زين العابدين بن سراج الدين).</subfield></datafield><datafield tag="600" ind1="1" ind2="0"><subfield code="a">Mawṣilī, Muḥammad ibn al-Ḥusayn,</subfield><subfield code="d">d. 1334 or 5.</subfield><subfield code="t">ʻUnqūd.</subfield></datafield><datafield tag="650" ind1=" " ind2="0"><subfield code="a">Manuscripts, Arabic</subfield><subfield code="z">Michigan</subfield><subfield code="z">Ann Arbor.</subfield></datafield><datafield tag="650" ind1=" " ind2="0"><subfield code="a">Arabic language</subfield><subfield code="x">Grammar</subfield><subfield code="v">Early works to 1800.</subfield></datafield><datafield tag="700" ind1="0" ind2=" "><subfield code="6">880-09</subfield><subfield code="a">Taqī al-Dīn al-Ḥiṣnī al-Ḥusaynī al-Shāfʻī,</subfield><subfield code="d">fl. 1668 or 9,</subfield><subfield code="e">former owner.</subfield></datafield><datafield tag="700" ind1="1" ind2=" "><subfield code="6">880-08</subfield><subfield code="a">Ibn al-Ṣārim, Abū Bakr ibn Aḥmad,</subfield><subfield code="d">d. 1483,</subfield><subfield code="e">scribe.</subfield></datafield><datafield tag="700" ind1="0" ind2="2"><subfield code="6">880-05</subfield><subfield code="a">ʻUnqūd fī al-naẓm al-ʻuqūd</subfield></datafield><datafield tag="700" ind1="1" ind2="2"><subfield code="6">880-04</subfield><subfield code="a">Mawṣilī, Muḥammad ibn al-Ḥusayn,</subfield><subfield code="d">-1334 or 1335.</subfield><subfield code="t">ʻUnqūd.</subfield></datafield><datafield tag="740" ind1="0" ind2="2"><subfield code="6">880-07</subfield><subfield code="a">Sharḥ al-ʻUnqūd fī naẓm al-ʻuqūd</subfield></datafield><datafield tag="740" ind1="0" ind2="2"><subfield code="6">880-06</subfield><subfield code="a">ʻUnqūd fī naẓm al-ʻuqūd</subfield></datafield><datafield tag="773" ind1="0" ind2=" "><subfield code="a">Yahuda Collection.</subfield></datafield><datafield tag="880" ind1="0" ind2=" "><subfield code="6">700-09/</subfield><subfield code="a">تقي الدين الحصني الحسيني الشافعي،</subfield><subfield code="e">مالك سابق.</subfield></datafield><datafield tag="880" ind1="1" ind2=" "><subfield code="6">700-08/</subfield><subfield code="a">ابن الصارم، ابو بكر بن احمد،</subfield><subfield code="e">ناسخ.</subfield></datafield><datafield tag="880" ind1="0" ind2="2"><subfield code="6">740-07/</subfield><subfield code="a">شرح العنقود في نظم العقود</subfield></datafield><datafield tag="880" ind1="0" ind2="2"><subfield code="6">740-06/</subfield><subfield code="a">عنقود في نظم العقود</subfield></datafield><datafield tag="880" ind1="0" ind2="2"><subfield code="6">700-05/</subfield><subfield code="a">عنقود في النظم العقود</subfield></datafield><datafield tag="880" ind1="1" ind2="2"><subfield code="6">700-04/</subfield><subfield code="a">موصلي, محمد بن الحسين,</subfield><subfield code="t">عنقود.</subfield></datafield><datafield tag="880" ind1="1" ind2="2"><subfield code="6">245-03/</subfield><subfield code="a">[العوامل المائة مع العنقود مع شرح العنقود,</subfield><subfield code="f">834ه، 1431م].</subfield></datafield><datafield tag="880" ind1="1" ind2=" "><subfield code="6">100-01/</subfield><subfield code="a">جرجاني، عبد القاهر بن عبد الرحمن.</subfield></datafield><datafield tag="CID" ind1=" " ind2=" "><subfield code="a">006813652</subfield></datafield><datafield tag="DAT" ind1="0" ind2=" "><subfield code="a">20190719102638.0</subfield><subfield code="b">20190719000000.0</subfield></datafield><datafield tag="DAT" ind1="1" ind2=" "><subfield code="a">20190719090653.0</subfield><subfield code="b">2019-07-19T16:12:00Z</subfield></datafield><datafield tag="DAT" ind1="2" ind2=" "><subfield code="a">2015-10-02T18:00:03Z</subfield></datafield><datafield tag="CAT" ind1=" " ind2=" "><subfield code="a">SDR-MIU</subfield><subfield code="d">EX LIBRIS - ALEPH</subfield><subfield code="l">prepare.pl-004-008</subfield></datafield><datafield tag="FMT" ind1=" " ind2=" "><subfield code="a">BK</subfield></datafield><datafield tag="HOL" ind1=" " ind2=" "><subfield code="0">sdr-miu006813652</subfield><subfield code="a">MiU</subfield><subfield code="b">SDR</subfield><subfield code="c">MIU</subfield><subfield code="p">mdp.39015079128404</subfield><subfield code="s">MIU</subfield><subfield code="1">006813652</subfield></datafield><datafield tag="974" ind1=" " ind2=" "><subfield code="b">MIU</subfield><subfield code="c">MIU</subfield><subfield code="d">20190719</subfield><subfield code="s">lit-dlps-dc</subfield><subfield code="u">mdp.39015079128404</subfield><subfield code="y">1431</subfield><subfield code="r">pd</subfield><subfield code="q">bib</subfield><subfield code="t">non-US bib date1 &lt; 1879</subfield></datafield></record></collection>